<record><leader>00000cas a2200000 a 4500</leader><controlfield tag="001">15471281</controlfield><controlfield tag="008">870401d19041916inudn ne      0    0eng c</controlfield><datafield ind1=" " ind2=" " tag="010"><subfield code="a">sn 87055787 </subfield></datafield><datafield ind1=" " ind2=" " tag="040"><subfield code="a">NPI</subfield><subfield code="b">eng</subfield><subfield code="c">NPI</subfield><subfield code="d">OCLCQ</subfield><subfield code="d">IUL</subfield><subfield code="d">OCLCF</subfield></datafield><datafield ind1=" " ind2=" " tag="042"><subfield code="a">pcc</subfield></datafield><datafield ind1=" " ind2=" " tag="043"><subfield code="a">n-us-in</subfield></datafield><datafield ind1="0" ind2=" " tag="130"><subfield code="a">Warsaw daily union (Warsaw, Ind. : 1904)</subfield></datafield><datafield ind1="1" ind2="0" tag="245"><subfield code="a">Warsaw daily union.</subfield></datafield><datafield ind1=" " ind2=" " tag="260"><subfield code="a">Warsaw, Ind. :</subfield><subfield code="b">Smith Printery,</subfield><subfield code="c">1904-1916.</subfield></datafield><datafield ind1=" " ind2=" " tag="300"><subfield code="a">volumes</subfield></datafield><datafield ind1=" " ind2=" " tag="310"><subfield code="a">Daily (except Sun.)</subfield></datafield><datafield ind1="0" ind2=" " tag="362"><subfield code="a">Vol. 1, no. 1 (Sept. 6, 1904)-v. 8, no. 84 (Dec. 12, 1911) ; 8th year (Dec. 13, 1911)-12th year (January 1, 1916).</subfield></datafield><datafield ind1=" " ind2=" " tag="500"><subfield code="a">Title from masthead.</subfield></datafield><datafield ind1=" " ind2=" " tag="580"><subfield code="a">Also published in a weekly ed. called: Warsaw union.</subfield></datafield><datafield ind1=" " ind2="0" tag="651"><subfield code="a">Warsaw (Ind.)</subfield><subfield code="v">Newspapers.</subfield></datafield><datafield ind1=" " ind2="0" tag="651"><subfield code="a">Kosciusko County (Ind.)</subfield><subfield code="v">Newspapers.</subfield></datafield><datafield ind1=" " ind2="7" tag="651"><subfield code="a">Indiana</subfield><subfield code="z">Kosciusko County.</subfield><subfield code="2">fast</subfield><subfield code="0">(OCoLC)fst01204084</subfield></datafield><datafield ind1=" " ind2="7" tag="651"><subfield code="a">Indiana</subfield><subfield code="z">Warsaw.</subfield><subfield code="2">fast</subfield><subfield code="0">(OCoLC)fst01215661</subfield></datafield><datafield ind1=" " ind2="7" tag="655"><subfield code="a">Newspapers.</subfield><subfield code="2">fast</subfield><subfield code="0">(OCoLC)fst01423814</subfield></datafield><datafield ind1=" " ind2=" " tag="752"><subfield code="a">United States</subfield><subfield code="b">Indiana</subfield><subfield code="c">Kosciusko</subfield><subfield code="d">Warsaw.</subfield></datafield><datafield ind1="1" ind2=" " tag="775"><subfield code="t">Warsaw union (Warsaw, Ind. : Weekly : 1901)</subfield><subfield code="w">(DLC)sn 87055841</subfield><subfield code="w">(OCoLC)15472095</subfield></datafield><datafield ind1="0" ind2="0" tag="785"><subfield code="t">Warsaw union (Warsaw, Ind. : Daily)</subfield><subfield code="w">(DLC)sn 87055788</subfield><subfield code="w">(OCoLC)15472242</subfield></datafield><datafield ind1="4" ind2="1" tag="856"><subfield code="u">https://news.google.com/newspapers?nid=B9dQ7Cd3MGsC&amp;hl=en</subfield></datafield></record>